@article{hodgson_2008, 
	title={An Examination of Judge Reliability at a major U.S. Wine Competition}, 
	volume={3}, 
	DOI={10.1017/S1931436100001152}, 
	number={2}, 
	journal={Journal of Wine Economics}, 
	publisher={Cambridge University Press}, 
	author={Hodgson, Robert T.}, 
	year={2008}, 
	pages={105â€“113}
}

@Article{Hugh2015,
	author={Hugh, Sarah C. and Siu, Jennifer and Hummel, Thomas and Forte, Vito and Campisi, Paolo and Papsin, Blake C. and Propst, Evan J.},
	title={Olfactory testing in children using objective tools: comparison of Sniffin' Sticks and University of Pennsylvania Smell Identification Test (UPSIT)},
	journal={Journal of Otolaryngology - Head {\&} Neck Surgery},
	year={2015},
	month={Mar},
	day={01},
	volume={44},
	number={1},
	pages={10},
	abstract={Detection of olfactory dysfunction is important for fire and food safety. Clinical tests of olfaction have been developed for adults but their use in children has been limited because they were felt to be unreliable in children under six years of age. We therefore administered two olfactory tests to children and compared results across tests.},
	issn={1916-0216},
	doi={10.1186/s40463-015-0061-y},
	url={https://doi.org/10.1186/s40463-015-0061-y}
}

