@article{hodgson_2008, 
	title={An Examination of Judge Reliability at a major U.S. Wine Competition}, 
	volume={3}, 
	DOI={10.1017/S1931436100001152}, 
	number={2}, 
	journal={Journal of Wine Economics}, 
	publisher={Cambridge University Press}, 
	author={Hodgson, Robert T.}, 
	year={2008}, 
	pages={105â€“113}
}